% Use double braces to preserve capitalization in the citation, shown in ref1
% Define citation keys that are useful! These ones were generated by Google Scholar, and include the first author, publication year, and first word of title.

@article{anderson1995observation,
  title={{Observation of Bose-Einstein condensation in a dilute atomic vapor}},
  author={Anderson, Mike H and Ensher, Jason R and Matthews, Michael R and Wieman, Carl E and Cornell, Eric A},
  journal={Science},
  volume={269},
  number={5221},
  pages={198--201},
  year={1995},
  publisher={American Association for the Advancement of Science}
}

@book{schill2019water,
  title={Water bears: The biology of tardigrades},
  author={Schill, Ralph O},
  volume={2},
  year={2019},
  publisher={Springer}
}

@article{watson1953molecular,
  title={Molecular structure of nucleic acids: a structure for deoxyribose nucleic acid},
  author={Watson, James D and Crick, Francis HC},
  journal={Nature},
  volume={171},
  number={4356},
  pages={737--738},
  year={1953},
  publisher={Nature Publishing Group UK London}
}